2675 4650
159 341 224 414 IN
258 333 591 414 DIALOGOS
629 338 905 416 DEORUM.
939 360 1012 443 271¹

66 471 128 535 alibi
143 491 216 560 vpce
233 485 389 542 truncata,
402 468 570 552 spiceam,
583 467 720 540 rinnesstt
733 469 906 552 septenium·
923 491 1013 557 atque

66 555 131 616 inec
148 553 204 636 ipsa
218 553 261 615 esd
277 553 365 626 ratio,
384 551 592 614 curtismonte
610 550 719 614 suerint
736 553 819 626 ditti3
832 573 920 635 aqua
936 576 1013 619 voce

66 655 121 697 non
132 635 185 697 alia
193 654 225 696 te
233 636 393 705 κολλάβους
401 630 503 694 distare
515 632 651 704 arbitror,
663 652 753 714 quam
761 634 811 695 vel
822 639 1014 716 pronuntian-

65 717 91 776 di
100 717 317 800 depravatione,
326 717 375 778 vei
385 712 497 776 dialeddi
505 711 675 776 discrimine.
684 715 750 775 Hos
760 715 1015 796 igiturmmddovc

65 797 186 861 Lucieno
194 798 303 863 restitui
315 817 367 880 par
375 810 449 866 erat,
460 813 548 876 quem
560 813 629 856 vere
638 793 785 856 Graevius
793 794 960 861 observavit
967 825 1013 862 ac·

65 875 818 960 cornnodtffilyraedescriptionemodsuitemporismores:
827 877 1016 942 inmmerito

65 959 137 1022 iilum
149 961 263 1041 Hymni
281 961 311 1021 in
326 958 524 1033 Mercurium,
538 976 607 1018 eum
622 957 694 1019 haec
709 956 859 1030 scriberet,
873 959 1016 1024 inanimo

65 1039 139 1104 fnisse
152 1039 262 1104 Nostro
278 1041 348 1102 mihi
365 1039 432 1102 sane
448 1057 511 1102 non
526 1053 584 1100 tam
596 1055 780 1121 compertum
789 1040 917 1112 videtur,
926 1062 1016 1124 quom

63 1123 132 1184 credi
144 1123 240 1185 voluit
250 1123 378 1204 Scaliger
388 1121 423 1184 ad
432 1119 534 1182 Martii.
543 1121 585 1192 V,
595 1141 609 1201 3
618 1141 652 1200 ¹9
662 1143 672 1195 ·,
682 1120 803 1202 fierique
813 1120 898 1184 facile
907 1123 1014 1204 potest,

65 1205 134 1266 utde
144 1223 182 1270 eo
192 1221 257 1266 tum
267 1222 305 1266 ne
321 1223 359 1266 co
381 1201 637 1282 itaveritquidemt
652 1202 761 1283 alioqui
775 1203 1021 1288 mustosoporte·

64 1303 101 1346 ter
114 1286 216 1350 eodem
229 1283 341 1367 respexi
365 1304 398 1360 e,
411 1283 503 1365 quiin
518 1283 603 1362 lyrae
617 1301 634 1342 a
651 1283 802 1346 Mercurio
815 1285 955 1348 inventae
967 1288 1017 1348 de·

66 1365 210 1467 scriptione
221 1385 324 1446 patum
333 1385 354 1426 a
368 1366 500 1427 Lucieno
516 1363 670 1426 discedunt.
685 1365 945 1448 Meyddetautem
960 1389 1017 1452 pro

65 1444 1019 1610 tttdstdntttnttdtsittdmitottiitint:

65 1611 202 1690 equidem,
216 1610 240 1674 fi
256 1609 414 1693 propedit,
427 1609 509 1690 quod
524 1606 694 1670 Schoiiastes
711 1608 813 1682 habet,
828 1608 1017 1684 scribereturt

67 1689 105 1752 scd
114 1693 181 1756 nihii
192 1691 255 1768 est,
269 1711 325 1753 cur
337 1691 490 1832 popedon
506 1689 570 1751 satis
585 1689 722 1750 usitatum
736 1691 929 1772 repudiemus.
940 1693 1019 1754 Vide

65 1787 201 1851 praeterea
210 1791 352 1854 magnum
366 1773 447 1832 ilum
462 1771 548 1832 etiam
564 1772 595 1830 in
610 1789 704 1852 puero
712 1770 854 1833 Grotium
867 1774 902 1833 ad
911 1773 1021 1836 Putem

67 1853 140 1914 Arati
149 1877 175 1938 p.
184 1877 219 1934 7,
233 1854 266 1918 dt
279 1855 314 1916 ad
326 1853 456 1935 Imag.p
470 1875 520 1934 54,
534 1872 578 1933 55.
592 1851 652 1913 Res
667 1851 727 1934 ipsa
742 1853 776 1913 de
786 1870 920 1915 veterum
935 1854 1018 1935 syra,

66 1935 173 2016 eiusque
183 1955 246 1998 tum
256 1934 479 2018 partibus,tum
495 1951 550 2016 pro
559 1932 850 2015 diversorempotum
861 1935 1017 1997 intervallo
1073 1973 1078 1982 ·

67 2015 219 2080 differentia
227 2035 291 2079 non
301 2031 414 2078 tantum
425 2015 586 2076 intricatior
594 2013 655 2084 est,
670 2015 757 2094 quant
767 2031 800 2077 ut
813 2018 914 2097 paucis
927 2037 1018 2100 eupe-⁴

66 2097 112 2158 diti
121 2115 216 2179 queat,
225 2098 274 2159 sed
282 2117 456 2178 magnorum
466 2097 551 2157 etiam
562 2097 877 2158 hominttmerrotibus
884 2096 1018 2180 insignis:

66 2197 151 2258 neque
161 2181 190 2242 id
204 2181 281 2242 adeo
299 2179 478 2251 mirandum3
495 2196 563 2239 cum
581 2176 722 2237 eiusmodi
739 2176 773 2237 stt
790 2179 861 2240 haec
878 2181 1017 2251 materia,

65 2279 132 2341 quae
148 2280 209 2323 non
224 2259 277 2320 nist
295 2260 372 2320 lenta
386 2257 583 2339 diuntrnaque
597 2258 802 2331 meditatione,
819 2259 920 2342 saepe,
937 2280 1018 2343 quae

67 2342 137 2483 priphc
152 2345 343 2487 pippuerant,
356 2340 443 2403 verso
454 2340 519 2401 stilo
535 2339 678 2413 indutiis,
690 2339 784 2421 subigi
800 2339 829 2402 se
846 2344 969 2424 patiamr
983 2362 1018 2406 ac

67 2441 109 2483 mo
137 2445 169 2489 n.
212 2440 307 2486 emer.
1007 2453 1010 2461 ·

100 2506 155 2567 ibid.
167 2505 348 2588 nepesin)
360 2506 470 2587 Meyer
479 2503 516 2565 ab
523 2504 586 2565 aliis
594 2504 707 2566 dicitur.
718 2505 759 2567 V.
767 2502 896 2567 philostr.
908 2524 938 2588 p.
945 2505 1017 2588 778,

68 2586 201 2666 Equitum
208 2586 303 2649 nostri
312 2603 431 2648 vocant.
441 2587 561 2647 Sonnm

100 2672 150 2729 cad
160 2670 180 2731 l.
190 2691 218 2751 3.
232 2668 331 2731 Ἑπτὰ
339 2667 473 2751 poprie)
490 2665 686 2729 Consentiunt
698 2687 815 2741 omnen,
831 2669 1017 2730 Mercurium

69 2744 408 2833 ess'elyraerepertorem.
419 2749 837 2810 Seddenumetochordarum
847 2768 909 2809 non
920 2751 1019 2810 itidem

69 2826 161 2908 liquet:
178 2831 263 2903 sunt,
280 2832 332 2913 qui
347 2830 462 2901 dicant,
477 2832 578 2909 primo.
588 2828 668 2890 fuisse
679 2846 790 2889 tantum
803 2848 881 2901 tres,
895 2829 1020 2911 suntqui

70 2914 323 2989 quatuorvideat,
338 2910 475 2979 cuilibet,
488 2910 623 2972 Macrob.
634 2912 750 2970 Saturn.
762 2912 784 2979 i,
803 2931 851 2990 19,
864 2909 1022 2991 Potvirg:

70 2990 200 3055 deterunt
208 2995 321 3057 invent.
333 2993 364 3065 I,
379 3014 426 3075 15,
435 2990 525 3053 Diod.
534 2992 588 3054 Sic.
597 2991 610 3051 1
619 2992 652 3053 δι
661 2992 701 3050 V.
710 2992 801 3052 Sentit
811 3010 878 3052 cum
889 2992 1020 3053 Lucieno

71 3068 162 3135 Horat.
172 3072 199 3147 I,
217 3096 270 3153 15:
287 3072 372 3157 Tuque
379 3076 472 3154 testudo
482 3073 597 3153 refimme
601 3074 695 3151 septem
705 3074 1021 3135 cannamomum.

103 3160 154 3218 tad.
162 3158 180 3217 1.
191 3154 312 3235 4.Κξιμὲ
325 3188 360 3203 ·-
373 3153 533 3236 κιθαρίζειν)
542 3154 570 3215 Si
582 3152 660 3215 redde
671 3154 718 3215 hic
729 3154 891 3223 LucianuS,
909 3155 1020 3216 erravit

72 3228 250 3313 Torrentius,
265 3236 356 3317 quiin
367 3236 472 3299 Horat.
484 3234 541 3298 Od.
555 3232 755 3309 21,1,stcait:
772 3236 887 3316 lyraſsbi
895 3237 1021 3318 conceffa,

71 3316 191 3395 Orpdann
202 3319 306 3401 Apollo
313 3321 418 3391 docum
432 3336 462 3378 at
467 3322 571 3401 postea,
586 3321 690 3377 inventa
700 3342 718 3378 a
727 3319 760 3397 se
769 3320 869 3378 cithara
875 3362 886 3388 ,
898 3318 921 3377 ei
932 3320 1020 3399 lyram

73 3402 182 3541 pnoelpit.
191 3399 311 3542 Aiiqpip
322 3398 560 3542 autpimdipterpasdsse
568 3400 642 3461 inter
657 3400 744 3541 lypum
754 3398 1021 3543 &stemmffids

91 3496 132 3541 inc
186 3499 290 3543 uer-e
322 3499 374 3543 ¹ut
403 3502 412 3541 ι
453 3500 492 3556 n,
553 3497 619 3542 orat
671 3499 817 3543 temoe
887 3500 905 3541 e
997 3500 1022 3541 r-

74 3556 170 3623 niusin
242 3526 289 3625 ico
299 3503 342 3624 ad
344 3582 451 3624 vocem
460 3566 540 3642 lyra,
552 3582 581 3623 at
590 3500 678 3643 qu‘ddn
691 3562 809 3625 feliciter
818 3562 1021 3625 iudicettlius:

76 3654 124 3717 ego
132 3640 167 3703 ab
175 3662 212 3705 eo
220 3646 249 3705 in
261 3644 315 3705 hac
323 3664 356 3705 re
364 3664 466 3726 patum
477 3644 545 3703 redii
555 3642 726 3705 instrudiior.
739 3644 835 3705 Lecti.

110 3726 164 3783 ead.
175 3726 194 3785 s.
205 3724 233 3787 8.
242 3724 417 3873 ‘inirffipor
444 3725 533 3785 Lilius
543 3725 705 3805 Gregorius
719 3726 749 3785 in
763 3726 907 3786 Mercurii
915 3684 1022 3804 Syme·

77 3814 161 3877 tumre
168 3801 279 3881 scribit,
294 3807 327 3873 vi
377 3804 432 3884 ese
441 3806 579 3873 Mercurii
595 3807 750 3888 imaginem
766 3809 794 3870 in
809 3804 885 3869 libro
893 3807 1023 3888 quodem
